@misc{usyd1,
	author = "{The University of Sydney}",
	title = "{APA} Referencing Style (6th Edition)",
	year = 2022,
	note = "See \url{https://libguides.library.usyd.edu.au/ld.php?content\_id=47913440}"}

@misc{usyd2,
	author = "{The University of Sydney}",
	title = "Referencing and Citation Styles: {IEEE}",
	year = 2022,
	note = "See \url{https://libguides.library.usyd.edu.au/c.php?g=508212}"}
	
@misc{sfia,
	author = "{SFIA}",
	title = "The global skills and competency framework for the digital world",
	year = 2022,
	note = "See \url{https://sfia-online.org/en/sfia-8/all-skills-a-z}"}
@online{w3schools,
    title = {C Programming Tutorial},
    url = {https://www.w3schools.com/c/index.php},
    note = {Well-structured tutorial including several topics and examples of C programming. Used for studying fundamental concepts about C},
}

@online{geeksforgeeks,
    title = {C Programming Language},
    url = {https://www.geeksforgeeks.org/c-programming-language/},
    note = {Tutorial with more detailed and deeper explanation},
}

@online{youtube,
    title = {C Programming Tutorials },
    url = {https://www.youtube.com/watch?v=rLf3jnHxSmU&list=PLBlnK6fEyqRggZZgYpPMUxdY1CYkZtARR},
    note = {Several C programming tutorials for beginners, helping to understand C topics more easily},
}
	